% This file was created with JabRef 2.7b.
% Encoding: UTF8

@ARTICLE{wsn:jos,
  author = {任丰原 and 黄海宁 and 林闯},
  title = {无线传感器网络},
  journal = {软件学报},
  year = {2003},
  volume = {14(7)},
  pages = {1282--1291},
}

@BOOK{lukaicheng2002,
  title = {组合数学(第3版)},
  publisher = {清华大学出版社},
  year = {2002},
  author = {卢开澄 and 卢华明},
}

